%YAML 1.1
%TAG !u! tag:unity3d.com,2011:
--- !u!1 &6387720058818690385
GameObject:
  m_ObjectHideFlags: 0
  m_CorrespondingSourceObject: {fileID: 0}
  m_PrefabInstance: {fileID: 0}
  m_PrefabAsset: {fileID: 0}
  serializedVersion: 6
  m_Component:
  - component: {fileID: 2883079168253180663}
  - component: {fileID: 446877568686766501}
  m_Layer: 0
  m_Name: Pilar columna
  m_TagString: Untagged
  m_Icon: {fileID: 0}
  m_NavMeshLayer: 0
  m_StaticEditorFlags: 0
  m_IsActive: 1
--- !u!4 &2883079168253180663
Transform:
  m_ObjectHideFlags: 0
  m_CorrespondingSourceObject: {fileID: 0}
  m_PrefabInstance: {fileID: 0}
  m_PrefabAsset: {fileID: 0}
  m_GameObject: {fileID: 6387720058818690385}
  m_LocalRotation: {x: 0, y: 0, z: 0, w: 1}
  m_LocalPosition: {x: -12.93, y: 3.58, z: -0.77}
  m_LocalScale: {x: 1, y: 1, z: 1}
  m_Children:
  - {fileID: 5545687072711764308}
  - {fileID: 2509594645141972878}
  m_Father: {fileID: 0}
  m_RootOrder: 0
  m_LocalEulerAnglesHint: {x: 0, y: 0, z: 0}
--- !u!65 &446877568686766501
BoxCollider:
  m_ObjectHideFlags: 0
  m_CorrespondingSourceObject: {fileID: 0}
  m_PrefabInstance: {fileID: 0}
  m_PrefabAsset: {fileID: 0}
  m_GameObject: {fileID: 6387720058818690385}
  m_Material: {fileID: 0}
  m_IsTrigger: 0
  m_Enabled: 1
  serializedVersion: 2
  m_Size: {x: 2.4294329, y: 8.709572, z: 1.5858344}
  m_Center: {x: 0.08201647, y: 0.15231419, z: 0.2929173}
--- !u!1001 &2691294909177364581
PrefabInstance:
  m_ObjectHideFlags: 0
  serializedVersion: 2
  m_Modification:
    m_TransformParent: {fileID: 2883079168253180663}
    m_Modifications:
    - target: {fileID: -8679921383154817045, guid: 321563de9880afd4488569e56af3e4df,
        type: 3}
      propertyPath: m_LocalPosition.x
      value: 0.07000065
      objectReference: {fileID: 0}
    - target: {fileID: -8679921383154817045, guid: 321563de9880afd4488569e56af3e4df,
        type: 3}
      propertyPath: m_LocalPosition.y
      value: -4.209376
      objectReference: {fileID: 0}
    - target: {fileID: -8679921383154817045, guid: 321563de9880afd4488569e56af3e4df,
        type: 3}
      propertyPath: m_LocalPosition.z
      value: -0.09000003
      objectReference: {fileID: 0}
    - target: {fileID: -8679921383154817045, guid: 321563de9880afd4488569e56af3e4df,
        type: 3}
      propertyPath: m_LocalRotation.x
      value: -0
      objectReference: {fileID: 0}
    - target: {fileID: -8679921383154817045, guid: 321563de9880afd4488569e56af3e4df,
        type: 3}
      propertyPath: m_LocalRotation.y
      value: -0
      objectReference: {fileID: 0}
    - target: {fileID: -8679921383154817045, guid: 321563de9880afd4488569e56af3e4df,
        type: 3}
      propertyPath: m_LocalRotation.z
      value: -0
      objectReference: {fileID: 0}
    - target: {fileID: -8679921383154817045, guid: 321563de9880afd4488569e56af3e4df,
        type: 3}
      propertyPath: m_LocalRotation.w
      value: 1
      objectReference: {fileID: 0}
    - target: {fileID: -8679921383154817045, guid: 321563de9880afd4488569e56af3e4df,
        type: 3}
      propertyPath: m_RootOrder
      value: 1
      objectReference: {fileID: 0}
    - target: {fileID: -8679921383154817045, guid: 321563de9880afd4488569e56af3e4df,
        type: 3}
      propertyPath: m_LocalEulerAnglesHint.x
      value: 0
      objectReference: {fileID: 0}
    - target: {fileID: -8679921383154817045, guid: 321563de9880afd4488569e56af3e4df,
        type: 3}
      propertyPath: m_LocalEulerAnglesHint.y
      value: 0
      objectReference: {fileID: 0}
    - target: {fileID: -8679921383154817045, guid: 321563de9880afd4488569e56af3e4df,
        type: 3}
      propertyPath: m_LocalEulerAnglesHint.z
      value: 0
      objectReference: {fileID: 0}
    - target: {fileID: 919132149155446097, guid: 321563de9880afd4488569e56af3e4df,
        type: 3}
      propertyPath: m_Name
      value: Pillar_04
      objectReference: {fileID: 0}
    m_RemovedComponents: []
  m_SourcePrefab: {fileID: 100100000, guid: 321563de9880afd4488569e56af3e4df, type: 3}
--- !u!4 &2509594645141972878 stripped
Transform:
  m_CorrespondingSourceObject: {fileID: -8679921383154817045, guid: 321563de9880afd4488569e56af3e4df,
    type: 3}
  m_PrefabInstance: {fileID: 2691294909177364581}
  m_PrefabAsset: {fileID: 0}
--- !u!1001 &5439368134623006399
PrefabInstance:
  m_ObjectHideFlags: 0
  serializedVersion: 2
  m_Modification:
    m_TransformParent: {fileID: 2883079168253180663}
    m_Modifications:
    - target: {fileID: -8679921383154817045, guid: 76a1589efd01e144ba0bb24321e7080a,
        type: 3}
      propertyPath: m_LocalPosition.x
      value: 0.030000687
      objectReference: {fileID: 0}
    - target: {fileID: -8679921383154817045, guid: 76a1589efd01e144ba0bb24321e7080a,
        type: 3}
      propertyPath: m_LocalPosition.y
      value: 0.94000006
      objectReference: {fileID: 0}
    - target: {fileID: -8679921383154817045, guid: 76a1589efd01e144ba0bb24321e7080a,
        type: 3}
      propertyPath: m_LocalPosition.z
      value: -0.17000002
      objectReference: {fileID: 0}
    - target: {fileID: -8679921383154817045, guid: 76a1589efd01e144ba0bb24321e7080a,
        type: 3}
      propertyPath: m_LocalRotation.x
      value: -0.7071068
      objectReference: {fileID: 0}
    - target: {fileID: -8679921383154817045, guid: 76a1589efd01e144ba0bb24321e7080a,
        type: 3}
      propertyPath: m_LocalRotation.y
      value: -0
      objectReference: {fileID: 0}
    - target: {fileID: -8679921383154817045, guid: 76a1589efd01e144ba0bb24321e7080a,
        type: 3}
      propertyPath: m_LocalRotation.z
      value: -0
      objectReference: {fileID: 0}
    - target: {fileID: -8679921383154817045, guid: 76a1589efd01e144ba0bb24321e7080a,
        type: 3}
      propertyPath: m_LocalRotation.w
      value: 0.7071068
      objectReference: {fileID: 0}
    - target: {fileID: -8679921383154817045, guid: 76a1589efd01e144ba0bb24321e7080a,
        type: 3}
      propertyPath: m_RootOrder
      value: 0
      objectReference: {fileID: 0}
    - target: {fileID: -8679921383154817045, guid: 76a1589efd01e144ba0bb24321e7080a,
        type: 3}
      propertyPath: m_LocalEulerAnglesHint.x
      value: 0
      objectReference: {fileID: 0}
    - target: {fileID: -8679921383154817045, guid: 76a1589efd01e144ba0bb24321e7080a,
        type: 3}
      propertyPath: m_LocalEulerAnglesHint.y
      value: 0
      objectReference: {fileID: 0}
    - target: {fileID: -8679921383154817045, guid: 76a1589efd01e144ba0bb24321e7080a,
        type: 3}
      propertyPath: m_LocalEulerAnglesHint.z
      value: 0
      objectReference: {fileID: 0}
    - target: {fileID: 919132149155446097, guid: 76a1589efd01e144ba0bb24321e7080a,
        type: 3}
      propertyPath: m_Name
      value: Pillar_03
      objectReference: {fileID: 0}
    m_RemovedComponents: []
  m_SourcePrefab: {fileID: 100100000, guid: 76a1589efd01e144ba0bb24321e7080a, type: 3}
--- !u!4 &5545687072711764308 stripped
Transform:
  m_CorrespondingSourceObject: {fileID: -8679921383154817045, guid: 76a1589efd01e144ba0bb24321e7080a,
    type: 3}
  m_PrefabInstance: {fileID: 5439368134623006399}
  m_PrefabAsset: {fileID: 0}
